@book{Rubin2012,
author = {Rubin, Kenneth S},
edition = {1st},
isbn = {0137043295, 9780137043293},
publisher = {Addison-Wesley Professional},
title = {{Essential Scrum: A Practical Guide to the Most Popular Agile Process}},
year = {2012}
}

@electronic{play.google,
author = {Google},
month = {October},
year = {2018},
title = {Developer Policy Center},
url = {https://play.google.com/about/developer-content-policy/#!?modal_active=none}
}

@electronic{developers.google,
author = {Google},
month = {February},
year = {2017},
title = {Site Policies},
url = {https://developers.google.com/terms/site-policies}
}

@electronic{Doxygen,
author = {van Heesch, Dimitri},
year = {2016},
title = {Doxygen},
url = {http://www.stack.nl/~dimitri/doxygen/index.html}
}

@electronic{Github,
author = {Github},
year = {2018},
title = {Github Terms of Service},
url = {https://help.github.com/articles/github-terms-of-service/}
}

@electronic{GoogleCloud,
author = {Google},
month = {August},
year = {2018},
title = {Speech Requests},
url = {https://cloud.google.com/speech-to-text/docs/basics}
}

@electronic{viavisolution,
author = {viavi solution inc},
year = {2018},
title = {SYSTEM SOFTWARE MAINTENANCE AND SUPPORT SERVICES (Premium 24x7)},
url = {https://www.viavisolutions.com/en-uk/literature/system-software-maintenance-and-support-services-premium-24x7-en.pdf}
}

@electronic{OctoPrint,
author = {OctoPrint},
year = {2018},
title = {GCODE Scripts},
url = {http://docs.octoprint.org/en/master/features/gcode_scripts.html}
}

@electronic{Commands.OctoPrint,
author = {OctoPrint},
year = {2018},
title = {Action Commands},
url = {http://docs.octoprint.org/en/master/features/action_commands.html}
}

@electronic{Android,
author = {Android},
year = {2018},
title = {Android - History},
url = {https://www.android.com/history/}
}